<record><leader>00983aam a2200277 a 4500</leader><controlfield tag="001">6815528</controlfield><controlfield tag="003">OCoLC</controlfield><controlfield tag="005">20150210133138.0</controlfield><controlfield tag="008">141106s2015    mdua     b    001 0 eng d</controlfield><datafield ind1=" " ind2=" " tag="020"><subfield code="a">0761865195</subfield></datafield><datafield ind1=" " ind2=" " tag="020"><subfield code="a">9780761865193</subfield></datafield><datafield ind1=" " ind2=" " tag="035"><subfield code="a">ocn894625624</subfield></datafield><datafield ind1=" " ind2=" " tag="040"><subfield code="a">YDXCP</subfield><subfield code="b">eng</subfield><subfield code="c">YDXCP</subfield><subfield code="d">BTCTA</subfield><subfield code="d">BDX</subfield><subfield code="d">OCLCQ</subfield><subfield code="d">CDX</subfield><subfield code="d">OCLCO</subfield><subfield code="d">UAB</subfield><subfield code="d">AEU</subfield></datafield><datafield ind1=" " ind2="4" tag="050"><subfield code="a">BD450</subfield><subfield code="b">.G67 2015</subfield></datafield><datafield ind1="0" ind2="4" tag="082"><subfield code="a">128</subfield><subfield code="2">23</subfield></datafield><datafield ind1=" " ind2=" " tag="090"><subfield code="a">BD 450 G67 2015</subfield><subfield code="b">AEU</subfield></datafield><datafield ind1="1" ind2=" " tag="100"><subfield code="a">Gosselin, Mia.</subfield></datafield><datafield ind1="1" ind2="0" tag="245"><subfield code="a">Homo sapiens, a problematic species :</subfield><subfield code="b">an essay in philosophical anthropology /</subfield><subfield code="c">Mia Gosselin.</subfield></datafield><datafield ind1=" " ind2=" " tag="260"><subfield code="a">Lanham, Md. :</subfield><subfield code="b">University Press of America,</subfield><subfield code="c">c2015.</subfield></datafield><datafield ind1=" " ind2=" " tag="300"><subfield code="a">x, 263 p. :</subfield><subfield code="b">ill. ;</subfield><subfield code="c">23 cm.</subfield></datafield><datafield ind1=" " ind2=" " tag="504"><subfield code="a">Includes bibliographical references (p. [257]-260) and index.</subfield></datafield><datafield ind1=" " ind2=" " tag="596"><subfield code="a">16</subfield></datafield><datafield ind1=" " ind2="0" tag="650"><subfield code="a">Human beings.</subfield></datafield><datafield ind1=" " ind2="0" tag="650"><subfield code="a">Philosophical anthropology.</subfield></datafield><datafield ind1=" " ind2=" " tag="949"><subfield code="a">BD 450 G67 2015</subfield><subfield code="h">UAAU-B</subfield><subfield code="i">0162035247269</subfield></datafield><datafield ind1=" " ind2=" " tag="926"><subfield code="a">BD 450 G67 2015</subfield><subfield code="w">LC</subfield><subfield code="c">1</subfield><subfield code="i">0162035247269</subfield><subfield code="l">ON_SHELF</subfield><subfield code="m">UAAUG</subfield><subfield code="p">$150.00</subfield><subfield code="r">Y</subfield><subfield code="s">Y</subfield><subfield code="t">BOOK</subfield><subfield code="u">3/4/2015</subfield></datafield></record>